@book{EvComputing,
  author    = {A.E. Eiben, J.E. Smith},
  title     = {Introduction to Evolutionary Computing},
  year      = {2015},
  publisher = {Springer},
  edition   = {Second},
  isbn      = {978-3-662-44873-1}
}

